@inproceedings{gao2014elastic,
  title={Elastic pathing: your speed is enough to track you},
  author={Gao, Xianyi and Firner, Bernhard and Sugrim, Shridatt and Kaiser-Pendergrast, Victor and Yang, Yulong and Lindqvist, Janne},
  booktitle={Proceedings of the 2014 ACM International Joint Conference on Pervasive and Ubiquitous Computing},
  pages={975--986},
  year={2014},
  organization={ACM}
}

@inproceedings{dewri2013inferring,
  title={Inferring trip destinations from driving habits data},
  author={Dewri, Rinku and Annadata, Prasad and Eltarjaman, Wisam and Thurimella, Ramakrishna},
  booktitle={Proceedings of the 12th ACM workshop on Workshop on privacy in the electronic society},
  pages={267--272},
  year={2013},
  organization={ACM}
}

%better way to cite this? maybe misc?
@inproceedings{quek2013,
  title={Driver Identification by Driving Style},
  author={Quek, Zhan Fan and Ng, Eldwin},
  year={2013}
  %URL = {http://cs229.stanford.edu/proj2013/DriverIdentification.pdf}
}

@inproceedings{van2013driver,
  title={Driver classification and driving style recognition using inertial sensors},
  author={Van Ly, Minh and Martin, Sujitha and Trivedi, Mohan M},
  booktitle={Intelligent Vehicles Symposium (IV), 2013 IEEE},
  pages={1040--1045},
  year={2013},
  organization={IEEE}
}

@inproceedings{roadmap,
  title={Beginnerâ€™s Roadmap to Working
with Driving Behavior Data},
  author={Jim Weiss, Jared Smollik},
  booktitle={Casualty Actuarial Society E-Forum},
  volume = {2},
  year={2012},
  organization={Casualty Actuarial Society}
}

@misc{mydrive2012,
  title = {Telematics},
  author = {Richard Jelbert},
  howpublished = {\\\url{http://www.rospa.com/RoSPAWeb/docs/about/around-the-uk/scotland/presentations/richard-jelbert.pdf}},
  note = {Accessed: 2015-03-17}
}

@book{hastie2009elements,
  title={The elements of statistical learning},
  author={Hastie, Trevor and Tibshirani, Robert and Friedman, Jerome and Hastie, T and Friedman, J and Tibshirani, R},
  volume={2},
  number={1},
  year={2009},
  publisher={Springer}
}

@article{scikit-learn,
 title={Scikit-learn: Machine Learning in {P}ython},
 author={Pedregosa, F. and Varoquaux, G. and Gramfort, A. and Michel, V.
         and Thirion, B. and Grisel, O. and Blondel, M. and Prettenhofer, P.
         and Weiss, R. and Dubourg, V. and Vanderplas, J. and Passos, A. and
         Cournapeau, D. and Brucher, M. and Perrot, M. and Duchesnay, E.},
 journal={Journal of Machine Learning Research},
 volume={12},
 pages={2825--2830},
 year={2011}
}